<record><leader>00000cas a22000007a 4500</leader><controlfield tag="001">37763665</controlfield><controlfield tag="008">971010d19501977meucr ne      0    0eng d</controlfield><datafield ind1=" " ind2=" " tag="010"><subfield code="a">sn 97062785 </subfield></datafield><datafield ind1=" " ind2=" " tag="040"><subfield code="a">MBN</subfield><subfield code="b">eng</subfield><subfield code="c">MBN</subfield><subfield code="d">OCLCQ</subfield><subfield code="d">OCLCF</subfield><subfield code="d">OCLCO</subfield></datafield><datafield ind1=" " ind2=" " tag="042"><subfield code="a">msc</subfield></datafield><datafield ind1=" " ind2=" " tag="043"><subfield code="a">n-us-me</subfield></datafield><datafield ind1="0" ind2=" " tag="130"><subfield code="a">Sanford tribune (Sanford, Me. : 1950)</subfield></datafield><datafield ind1="1" ind2="0" tag="245"><subfield code="a">Sanford tribune.</subfield></datafield><datafield ind1="1" ind2="7" tag="246"><subfield code="a">Sanford tribune and advocate</subfield></datafield><datafield ind1=" " ind2=" " tag="260"><subfield code="a">Sanford, Me. :</subfield><subfield code="b">[s.n.]</subfield></datafield><datafield ind1=" " ind2=" " tag="300"><subfield code="a">v.</subfield></datafield><datafield ind1=" " ind2=" " tag="310"><subfield code="a">Semiweekly,</subfield><subfield code="b">Feb. 7, 1972-</subfield></datafield><datafield ind1=" " ind2=" " tag="321"><subfield code="a">Weekly</subfield></datafield><datafield ind1="0" ind2=" " tag="362"><subfield code="a">Vol. 54, no. 16 (Apr. 20, 1950)-v. 66, no. 33 (Apr. 28, 1977).</subfield></datafield><datafield ind1=" " ind2=" " tag="580"><subfield code="a">Merged with: Biddeford-Saco journal, to form: Journal tribune.</subfield></datafield><datafield ind1=" " ind2="0" tag="651"><subfield code="a">Sanford (Me.)</subfield><subfield code="v">Newspapers.</subfield></datafield><datafield ind1=" " ind2="7" tag="655"><subfield code="a">Newspapers.</subfield><subfield code="2">fast</subfield><subfield code="0">(OCoLC)fst01423814</subfield></datafield><datafield ind1=" " ind2="7" tag="651"><subfield code="a">Maine</subfield><subfield code="z">Sanford.</subfield><subfield code="2">fast</subfield><subfield code="0">(OCoLC)fst01237019</subfield></datafield><datafield ind1=" " ind2=" " tag="752"><subfield code="a">United States</subfield><subfield code="b">Maine</subfield><subfield code="c">York</subfield><subfield code="d">Sanford.</subfield></datafield><datafield ind1="0" ind2="0" tag="780"><subfield code="t">Sanford tribune and advocate</subfield><subfield code="w">(DLC)sn 95067873</subfield></datafield><datafield ind1="1" ind2="7" tag="785"><subfield code="t">Biddeford-Saco journal</subfield><subfield code="w">(DLC)sn 97062658</subfield></datafield><datafield ind1="1" ind2="7" tag="785"><subfield code="t">Journal tribune</subfield><subfield code="w">(DLC)sn 99066557</subfield></datafield></record>